@misc{py,
	title="Welcome to Python [Электронный ресурс]",
	howpublished="Режим доступа: \url{https:// www.python.org} (дата обращения: 17.12.2022)"
}



