@inbook{
	Levenshtein,
	author={Левенштейн, В. И.},
	title={Двоичные коды с исправлением выпадений, вставок и замещений символов},
	publisher={--М.: Наука},
	volume={163},
	chapter={4},
	pages={845--848},
	language={russian},
	year={1965},
	booktitle={Доклады АН СССР},
}

@inbook{
	DamLevenshtein,
	title="Методика идентификации пассажира по установочным данным",
	author="Черненький В. М., Гапанюк Ю. Е.",
	booktitle={Вестник МГТУ им. Н.Э. Баумана. Сер. “Приборостроение”},
	volume=163,
	chapter=4,
	pages="30-34",
	language="russian",
	year=2012,
	publisher="-- М.: Издательство МГТУ им. Н.Э. Баумана."
}

@inbook{
	Bioinf,
	author="А.С.Гуменюк, Н.Н.Поздниченко, И.Н.Родионов, С.Н.Шпынов",
	title="О средствах формального анализа строя нуклеотидных цепей",
	publisher="Омский государственный технический университет",
	volume=8,
	pages="373--397",
	language="russian",
	year=2013,
	booktitle={Математическая биология и биоинформатика},
}

@misc{golang,
	title="The Go Programming Language [Электронный ресурс]",
	howpublished="Режим доступа: \url{https://golang.org/} (дата обращения: 14.09.2022)"
}

@misc{cgo,
	title="C? Go? Cgo! -- The Go Programming Language [Электронный ресурс]",
	howpublished="Режим доступа: \url{https://go.dev/blog/cgo} (дата обращения: 14.09.2022)"
}

@misc{amd,
	title="AMD Ryzen™ 5 3550H [Электронный ресурс]",
	howpublished="Режим доступа: \url{https://www.amd.com/en/products/apu/amd-ryzen-5-3550h} (дата обращения: 14.09.2022)"
}


