@article{huf1,
  title={Сжатие данных. Алгоритм Хаффмана},
  author={Виноградова М.С., Ткачева О.С.},
  journal={Modern European Researches}
  number={3},
  year={2022},
}

@misc{huf,
	title="Виноградова М.С., Ткачева О.С. Сжатие данных. Алгоритм Хаффмана // Modern European Researches. ---2022. ---Vol. 1, № 3.",
	howpublished=""
}

@misc{c,
	title="Документация по языку C++ | Microsoft Learn [Электронный ресурс]",
	howpublished="Режим доступа: \url{https://learn.microsoft.com/ru-ru/cpp/cpp/?view=msvc-150} (дата обращения: 30.09.2022)"
}

@misc{ctime,
	title="<ctime> | Microsoft Learn [Электронный ресурс]",
	howpublished="Режим доступа: \url{https://learn.microsoft.com/en-us/cpp/standard-library/ctime?redirectedfrom=MSDN&view=msvc-160} (дата обращения: 30.09.2022)"
}

@misc{thread,
	title="std::thread [Электронный ресурс]",
	howpublished="Режим доступа: \url{https://en.cppreference.com/w/cpp/thread/thread} (дата обращения: 30.09.2022)"
}

@misc{amd,
	title="AMD Ryzen™ 5 3550H [Электронный ресурс]",
	howpublished="Режим доступа: \url{https://www.amd.com/en/products/apu/amd-ryzen-5-3550h} (дата обращения: 30.09.2022)"
}



