@article{shakerGnome,
  title={Сравнительный анализ времени выполнения сортировки по алгоритму Шелла, гномьей сортировки и сортировки перемешиванием},
  author={Прохоренко В. В., Погорелов Д. А., Кострицкий А. С.},
  journal={Инновационные аспекты развития науки и техники},
  year={2021},
}

@inbook{
	knuth,
	author={Д. Э. Кнут},
	title={Искусство программирования},
	publisher={--М.:Мир},
	volume={3},
	pages={651-675},
	language={russian},
	year={1978}
}

@misc{c,
	title="Документация по языку C++ | Microsoft Learn [Электронный ресурс]",
	howpublished="Режим доступа: \url{https://learn.microsoft.com/ru-ru/cpp/cpp/?view=msvc-150} (дата обращения: 30.09.2022)"
}

@misc{ctime,
	title="<ctime> | Microsoft Learn [Электронный ресурс]",
	howpublished="Режим доступа: \url{https://learn.microsoft.com/en-us/cpp/standard-library/ctime?redirectedfrom=MSDN&view=msvc-160} (дата обращения: 30.09.2022)"
}

@misc{amd,
	title="AMD Ryzen™ 5 3550H [Электронный ресурс]",
	howpublished="Режим доступа: \url{https://www.amd.com/en/products/apu/amd-ryzen-5-3550h} (дата обращения: 30.09.2022)"
}



