@article{vinograd,
  title={Реализация алгоритма умножения матриц по винограду на языке Haskell},
  author={Анисимов Н.С., Строганов Ю.В.},
  journal={Новые информационные технологии в автоматизированных системах},
  year={2018},
}

@misc{c,
	title="Документация по языку C++ | Microsoft Learn [Электронный ресурс]",
	howpublished="Режим доступа: \url{https://learn.microsoft.com/ru-ru/cpp/cpp/?view=msvc-150} (дата обращения: 30.09.2022)"
}

@misc{ctime,
	title="<ctime> | Microsoft Learn [Электронный ресурс]",
	howpublished="Режим доступа: \url{https://learn.microsoft.com/en-us/cpp/standard-library/ctime?redirectedfrom=MSDN&view=msvc-160} (дата обращения: 30.09.2022)"
}

@misc{amd,
	title="AMD Ryzen™ 5 3550H [Электронный ресурс]",
	howpublished="Режим доступа: \url{https://www.amd.com/en/products/apu/amd-ryzen-5-3550h} (дата обращения: 30.09.2022)"
}



