@misc{thread,
	title="std::thread [Электронный ресурс]",
	howpublished="Режим доступа: \url{https://en.cppreference.com/w/cpp/thread/thread} (дата обращения: 30.09.2022)"
}

@misc{dbscan,
	title="Большакова Е.И., Клышинский Э.С., Ландэ Д.В., Носков А.А., Пескова О.В., Ягунова Е.В. Автоматическая обработка текстов на естественном языке и компьютерная лингвистика // М.: МИЭМ, ---2011. --- 272 с",
	howpublished=""
}

@misc{db,
	title="Большакова Е.И., Клышинский Э.С., Пескова О.В. Автоматическая обработка текстов на естественном языке и компьютерная лингвистика // М.: МИЭМ, ---2011. --- 272 с",
	howpublished="a"
}

@misc{c,
	title="Документация по языку C++ | Microsoft Learn [Электронный ресурс]",
	howpublished="Режим доступа: \url{https://learn.microsoft.com/ru-ru/cpp/cpp/?view=msvc-150} (дата обращения: 30.09.2022)"
}

@misc{ctime,
	title="<ctime> | Microsoft Learn [Электронный ресурс]",
	howpublished="Режим доступа: \url{https://learn.microsoft.com/en-us/cpp/standard-library/ctime?redirectedfrom=MSDN&view=msvc-160} (дата обращения: 30.09.2022)"
}

@misc{amd,
	title="AMD Ryzen™ 5 3550H [Электронный ресурс]",
	howpublished="Режим доступа: \url{https://www.amd.com/en/products/apu/amd-ryzen-5-3550h} (дата обращения: 30.09.2022)"
}



