@misc{
	TSPr,
	title="TSPr [Электронный ресурс]",
	howpublished="URL: \url{http://www.math.nsc.ru/LBRT/k5/OR-MMF/TSPr.pdf} (дата обращения: 25.11.2022)",
}

@book{
	Mueller,
	author="H. Mueller-Merbach",
	title="Zweimal travelling Salesman",
	publisher="DGOR-Bulletin",
	year=1983
}

@book{
	Levitin,
	author="Левитин А.",
	title="Алгоритмы: введение в разработку и анализ",
	publisher="Вильямс",
	pages=575,
	year=2006
}

@book{
	Dorigo,
	author="M. Dorigo",
	title="Ottimizzazione, apprendimento automatico, ed algoritmi basati su metafora naturale (Optimization, Learning, and Natural Algorithms)",
	publisher="Politecnico di Milano",
	year=1992
}

@book{
	Bonabeau,
	author="E. Bonabeau, M. Dorigo et G. Theraulaz",
	title="Swarm Intelligence: From Natural to Artificial Systems",
	publisher="Oxford University Press",
	pages=320,
	year=1999
}

@misc{kommivoyazh,
	title="Задача коммирояжера [Электронный ресурс]",
	howpublished="Режим доступа: \url{http://galyautdinov.ru/post/zadacha-kommivoyazhera} (дата обращения: 30.11.2022)"
}
@misc{gamilt,
	title="Гамильтонов цикл [Электронный ресурс]",
	howpublished="Режим доступа: \url{https://bigenc.ru/mathematics/text/2343214} (дата обращения: 30.11.2022)"
}

@misc{c,
	title="Документация по языку C++ | Microsoft Learn [Электронный ресурс]",
	howpublished="Режим доступа: \url{https://learn.microsoft.com/ru-ru/cpp/cpp/?view=msvc-150} (дата обращения: 30.11.2022)"
}

@misc{ctime,
	title="<ctime> | Microsoft Learn [Электронный ресурс]",
	howpublished="Режим доступа: \url{https://learn.microsoft.com/en-us/cpp/standard-library/ctime?redirectedfrom=MSDN&view=msvc-160} (дата обращения: 30.09.2022)"
}

@misc{amd,
	title="AMD Ryzen™ 5 3550H [Электронный ресурс]",
	howpublished="Режим доступа: \url{https://www.amd.com/en/products/apu/amd-ryzen-5-3550h} (дата обращения: 30.11.2022)"
}



